%YAML 1.1
%TAG !u! tag:unity3d.com,2011:
--- !u!29 &1
OcclusionCullingSettings:
  m_ObjectHideFlags: 0
  serializedVersion: 2
  m_OcclusionBakeSettings:
    smallestOccluder: 5
    smallestHole: 0.25
    backfaceThreshold: 100
  m_SceneGUID: 00000000000000000000000000000000
  m_OcclusionCullingData: {fileID: 0}
--- !u!104 &2
RenderSettings:
  m_ObjectHideFlags: 0
  serializedVersion: 9
  m_Fog: 0
  m_FogColor: {r: 0.5, g: 0.5, b: 0.5, a: 1}
  m_FogMode: 3
  m_FogDensity: 0.01
  m_LinearFogStart: 0
  m_LinearFogEnd: 300
  m_AmbientSkyColor: {r: 0.212, g: 0.227, b: 0.259, a: 1}
  m_AmbientEquatorColor: {r: 0.114, g: 0.125, b: 0.133, a: 1}
  m_AmbientGroundColor: {r: 0.047, g: 0.043, b: 0.035, a: 1}
  m_AmbientIntensity: 1
  m_AmbientMode: 3
  m_SubtractiveShadowColor: {r: 0.42, g: 0.478, b: 0.627, a: 1}
  m_SkyboxMaterial: {fileID: 0}
  m_HaloStrength: 0.5
  m_FlareStrength: 1
  m_FlareFadeSpeed: 3
  m_HaloTexture: {fileID: 0}
  m_SpotCookie: {fileID: 10001, guid: 0000000000000000e000000000000000, type: 0}
  m_DefaultReflectionMode: 0
  m_DefaultReflectionResolution: 128
  m_ReflectionBounces: 1
  m_ReflectionIntensity: 1
  m_CustomReflection: {fileID: 0}
  m_Sun: {fileID: 0}
  m_IndirectSpecularColor: {r: 0, g: 0, b: 0, a: 1}
  m_UseRadianceAmbientProbe: 0
--- !u!157 &3
LightmapSettings:
  m_ObjectHideFlags: 0
  serializedVersion: 11
  m_GIWorkflowMode: 1
  m_GISettings:
    serializedVersion: 2
    m_BounceScale: 1
    m_IndirectOutputScale: 1
    m_AlbedoBoost: 1
    m_EnvironmentLightingMode: 0
    m_EnableBakedLightmaps: 0
    m_EnableRealtimeLightmaps: 0
  m_LightmapEditorSettings:
    serializedVersion: 12
    m_Resolution: 2
    m_BakeResolution: 40
    m_AtlasSize: 1024
    m_AO: 0
    m_AOMaxDistance: 1
    m_CompAOExponent: 1
    m_CompAOExponentDirect: 0
    m_ExtractAmbientOcclusion: 0
    m_Padding: 2
    m_LightmapParameters: {fileID: 0}
    m_LightmapsBakeMode: 1
    m_TextureCompression: 1
    m_FinalGather: 0
    m_FinalGatherFiltering: 1
    m_FinalGatherRayCount: 256
    m_ReflectionCompression: 2
    m_MixedBakeMode: 2
    m_BakeBackend: 1
    m_PVRSampling: 1
    m_PVRDirectSampleCount: 32
    m_PVRSampleCount: 512
    m_PVRBounces: 2
    m_PVREnvironmentSampleCount: 256
    m_PVREnvironmentReferencePointCount: 2048
    m_PVRFilteringMode: 1
    m_PVRDenoiserTypeDirect: 1
    m_PVRDenoiserTypeIndirect: 1
    m_PVRDenoiserTypeAO: 1
    m_PVRFilterTypeDirect: 0
    m_PVRFilterTypeIndirect: 0
    m_PVRFilterTypeAO: 0
    m_PVREnvironmentMIS: 1
    m_PVRCulling: 1
    m_PVRFilteringGaussRadiusDirect: 1
    m_PVRFilteringGaussRadiusIndirect: 5
    m_PVRFilteringGaussRadiusAO: 2
    m_PVRFilteringAtrousPositionSigmaDirect: 0.5
    m_PVRFilteringAtrousPositionSigmaIndirect: 2
    m_PVRFilteringAtrousPositionSigmaAO: 1
    m_ExportTrainingData: 0
    m_TrainingDataDestination: TrainingData
    m_LightProbeSampleCountMultiplier: 4
  m_LightingDataAsset: {fileID: 0}
  m_UseShadowmask: 1
--- !u!196 &4
NavMeshSettings:
  serializedVersion: 2
  m_ObjectHideFlags: 0
  m_BuildSettings:
    serializedVersion: 2
    agentTypeID: 0
    agentRadius: 0.5
    agentHeight: 2
    agentSlope: 45
    agentClimb: 0.4
    ledgeDropHeight: 0
    maxJumpAcrossDistance: 0
    minRegionArea: 2
    manualCellSize: 0
    cellSize: 0.16666667
    manualTileSize: 0
    tileSize: 256
    accuratePlacement: 0
    debug:
      m_Flags: 0
  m_NavMeshData: {fileID: 0}
--- !u!1 &647887698
GameObject:
  m_ObjectHideFlags: 0
  m_CorrespondingSourceObject: {fileID: 0}
  m_PrefabInstance: {fileID: 0}
  m_PrefabAsset: {fileID: 0}
  serializedVersion: 6
  m_Component:
  - component: {fileID: 647887701}
  - component: {fileID: 647887700}
  - component: {fileID: 647887699}
  m_Layer: 0
  m_Name: EventSystem
  m_TagString: Untagged
  m_Icon: {fileID: 0}
  m_NavMeshLayer: 0
  m_StaticEditorFlags: 0
  m_IsActive: 1
--- !u!114 &647887699
MonoBehaviour:
  m_ObjectHideFlags: 0
  m_CorrespondingSourceObject: {fileID: 0}
  m_PrefabInstance: {fileID: 0}
  m_PrefabAsset: {fileID: 0}
  m_GameObject: {fileID: 647887698}
  m_Enabled: 1
  m_EditorHideFlags: 0
  m_Script: {fileID: 11500000, guid: 4f231c4fb786f3946a6b90b886c48677, type: 3}
  m_Name: 
  m_EditorClassIdentifier: 
  m_HorizontalAxis: Horizontal
  m_VerticalAxis: Vertical
  m_SubmitButton: Submit
  m_CancelButton: Cancel
  m_InputActionsPerSecond: 10
  m_RepeatDelay: 0.5
  m_ForceModuleActive: 0
--- !u!114 &647887700
MonoBehaviour:
  m_ObjectHideFlags: 0
  m_CorrespondingSourceObject: {fileID: 0}
  m_PrefabInstance: {fileID: 0}
  m_PrefabAsset: {fileID: 0}
  m_GameObject: {fileID: 647887698}
  m_Enabled: 1
  m_EditorHideFlags: 0
  m_Script: {fileID: 11500000, guid: 76c392e42b5098c458856cdf6ecaaaa1, type: 3}
  m_Name: 
  m_EditorClassIdentifier: 
  m_FirstSelected: {fileID: 0}
  m_sendNavigationEvents: 1
  m_DragThreshold: 10
--- !u!4 &647887701
Transform:
  m_ObjectHideFlags: 0
  m_CorrespondingSourceObject: {fileID: 0}
  m_PrefabInstance: {fileID: 0}
  m_PrefabAsset: {fileID: 0}
  m_GameObject: {fileID: 647887698}
  m_LocalRotation: {x: 0, y: 0, z: 0, w: 1}
  m_LocalPosition: {x: 0, y: 0, z: 0}
  m_LocalScale: {x: 1, y: 1, z: 1}
  m_Children: []
  m_Father: {fileID: 0}
  m_RootOrder: 0
  m_LocalEulerAnglesHint: {x: 0, y: 0, z: 0}
--- !u!1 &994801494 stripped
GameObject:
  m_CorrespondingSourceObject: {fileID: 2733214120270942932, guid: 124f73d3bc215eb42b71ff53348a090e,
    type: 3}
  m_PrefabInstance: {fileID: 1615074072}
  m_PrefabAsset: {fileID: 0}
--- !u!114 &994801495
MonoBehaviour:
  m_ObjectHideFlags: 0
  m_CorrespondingSourceObject: {fileID: 0}
  m_PrefabInstance: {fileID: 0}
  m_PrefabAsset: {fileID: 0}
  m_GameObject: {fileID: 994801494}
  m_Enabled: 1
  m_EditorHideFlags: 0
  m_Script: {fileID: 11500000, guid: ecb329a28e82d5b4ba5d31d227c5857f, type: 3}
  m_Name: 
  m_EditorClassIdentifier: 
  health: 0
  baseAttackDamage: 1
  armor: 0
  baseSpeed: 8
  maxHealth: 10
  sprintMod: 2
  currentSpeed: 0
--- !u!114 &994801497 stripped
MonoBehaviour:
  m_CorrespondingSourceObject: {fileID: 2733214120270942935, guid: 124f73d3bc215eb42b71ff53348a090e,
    type: 3}
  m_PrefabInstance: {fileID: 1615074072}
  m_PrefabAsset: {fileID: 0}
  m_GameObject: {fileID: 994801494}
  m_Enabled: 1
  m_EditorHideFlags: 0
  m_Script: {fileID: 11500000, guid: b1086d5e1dee8fe42915231a9fd5810b, type: 3}
  m_Name: 
  m_EditorClassIdentifier: 
--- !u!50 &994801501 stripped
Rigidbody2D:
  m_CorrespondingSourceObject: {fileID: 2733214120270942933, guid: 124f73d3bc215eb42b71ff53348a090e,
    type: 3}
  m_PrefabInstance: {fileID: 1615074072}
  m_PrefabAsset: {fileID: 0}
--- !u!4 &1248829723 stripped
Transform:
  m_CorrespondingSourceObject: {fileID: 4110329894439932298, guid: 5c75994640677f74085b274c2805e1c6,
    type: 3}
  m_PrefabInstance: {fileID: 1844143726}
  m_PrefabAsset: {fileID: 0}
--- !u!1001 &1615074072
PrefabInstance:
  m_ObjectHideFlags: 0
  serializedVersion: 2
  m_Modification:
    m_TransformParent: {fileID: 0}
    m_Modifications:
    - target: {fileID: 1103895435, guid: 124f73d3bc215eb42b71ff53348a090e, type: 3}
      propertyPath: m_AnchorMax.x
      value: 1
      objectReference: {fileID: 0}
    - target: {fileID: 1103895435, guid: 124f73d3bc215eb42b71ff53348a090e, type: 3}
      propertyPath: m_AnchorMax.y
      value: 1
      objectReference: {fileID: 0}
    - target: {fileID: 1153204253, guid: 124f73d3bc215eb42b71ff53348a090e, type: 3}
      propertyPath: m_IsActive
      value: 0
      objectReference: {fileID: 0}
    - target: {fileID: 1153204257, guid: 124f73d3bc215eb42b71ff53348a090e, type: 3}
      propertyPath: m_Camera
      value: 
      objectReference: {fileID: 1983480397}
    - target: {fileID: 2733214120270942932, guid: 124f73d3bc215eb42b71ff53348a090e,
        type: 3}
      propertyPath: m_Name
      value: DarkWolf
      objectReference: {fileID: 0}
    - target: {fileID: 2733214120270942933, guid: 124f73d3bc215eb42b71ff53348a090e,
        type: 3}
      propertyPath: m_Constraints
      value: 4
      objectReference: {fileID: 0}
    - target: {fileID: 2733214120270942933, guid: 124f73d3bc215eb42b71ff53348a090e,
        type: 3}
      propertyPath: m_Simulated
      value: 1
      objectReference: {fileID: 0}
    - target: {fileID: 2733214120270942933, guid: 124f73d3bc215eb42b71ff53348a090e,
        type: 3}
      propertyPath: m_AngularDrag
      value: 0
      objectReference: {fileID: 0}
    - target: {fileID: 2733214120270942934, guid: 124f73d3bc215eb42b71ff53348a090e,
        type: 3}
      propertyPath: m_Offset.x
      value: -0.002947569
      objectReference: {fileID: 0}
    - target: {fileID: 2733214120270942934, guid: 124f73d3bc215eb42b71ff53348a090e,
        type: 3}
      propertyPath: m_Size.x
      value: 1.0151851
      objectReference: {fileID: 0}
    - target: {fileID: 2733214120270942934, guid: 124f73d3bc215eb42b71ff53348a090e,
        type: 3}
      propertyPath: m_Offset.y
      value: 0.0056045055
      objectReference: {fileID: 0}
    - target: {fileID: 2733214120270942934, guid: 124f73d3bc215eb42b71ff53348a090e,
        type: 3}
      propertyPath: m_Size.y
      value: 2.942964
      objectReference: {fileID: 0}
    - target: {fileID: 2733214120270942938, guid: 124f73d3bc215eb42b71ff53348a090e,
        type: 3}
      propertyPath: m_Color.a
      value: 1
      objectReference: {fileID: 0}
    - target: {fileID: 3979297865955078799, guid: 124f73d3bc215eb42b71ff53348a090e,
        type: 3}
      propertyPath: animancer
      value: 
      objectReference: {fileID: 994801497}
    - target: {fileID: 3979297865955078799, guid: 124f73d3bc215eb42b71ff53348a090e,
        type: 3}
      propertyPath: rb
      value: 
      objectReference: {fileID: 994801501}
    - target: {fileID: 3979297865955078799, guid: 124f73d3bc215eb42b71ff53348a090e,
        type: 3}
      propertyPath: stats
      value: 
      objectReference: {fileID: 994801495}
    - target: {fileID: 3979297865955078799, guid: 124f73d3bc215eb42b71ff53348a090e,
        type: 3}
      propertyPath: target
      value: 
      objectReference: {fileID: 1248829723}
    - target: {fileID: 3986405335548583382, guid: 124f73d3bc215eb42b71ff53348a090e,
        type: 3}
      propertyPath: m_LocalPosition.x
      value: -15.89
      objectReference: {fileID: 0}
    - target: {fileID: 3986405335548583382, guid: 124f73d3bc215eb42b71ff53348a090e,
        type: 3}
      propertyPath: m_LocalPosition.y
      value: 31.48
      objectReference: {fileID: 0}
    - target: {fileID: 3986405335548583382, guid: 124f73d3bc215eb42b71ff53348a090e,
        type: 3}
      propertyPath: m_LocalPosition.z
      value: 0
      objectReference: {fileID: 0}
    - target: {fileID: 3986405335548583382, guid: 124f73d3bc215eb42b71ff53348a090e,
        type: 3}
      propertyPath: m_LocalRotation.x
      value: 0
      objectReference: {fileID: 0}
    - target: {fileID: 3986405335548583382, guid: 124f73d3bc215eb42b71ff53348a090e,
        type: 3}
      propertyPath: m_LocalRotation.y
      value: 0
      objectReference: {fileID: 0}
    - target: {fileID: 3986405335548583382, guid: 124f73d3bc215eb42b71ff53348a090e,
        type: 3}
      propertyPath: m_LocalRotation.z
      value: 0
      objectReference: {fileID: 0}
    - target: {fileID: 3986405335548583382, guid: 124f73d3bc215eb42b71ff53348a090e,
        type: 3}
      propertyPath: m_LocalRotation.w
      value: 1
      objectReference: {fileID: 0}
    - target: {fileID: 3986405335548583382, guid: 124f73d3bc215eb42b71ff53348a090e,
        type: 3}
      propertyPath: m_RootOrder
      value: 1
      objectReference: {fileID: 0}
    - target: {fileID: 3986405335548583382, guid: 124f73d3bc215eb42b71ff53348a090e,
        type: 3}
      propertyPath: m_LocalEulerAnglesHint.x
      value: 0
      objectReference: {fileID: 0}
    - target: {fileID: 3986405335548583382, guid: 124f73d3bc215eb42b71ff53348a090e,
        type: 3}
      propertyPath: m_LocalEulerAnglesHint.y
      value: 0
      objectReference: {fileID: 0}
    - target: {fileID: 3986405335548583382, guid: 124f73d3bc215eb42b71ff53348a090e,
        type: 3}
      propertyPath: m_LocalEulerAnglesHint.z
      value: 0
      objectReference: {fileID: 0}
    m_RemovedComponents: []
  m_SourcePrefab: {fileID: 100100000, guid: 124f73d3bc215eb42b71ff53348a090e, type: 3}
--- !u!1 &1652768420
GameObject:
  m_ObjectHideFlags: 0
  m_CorrespondingSourceObject: {fileID: 0}
  m_PrefabInstance: {fileID: 0}
  m_PrefabAsset: {fileID: 0}
  serializedVersion: 6
  m_Component:
  - component: {fileID: 1652768422}
  - component: {fileID: 1652768421}
  m_Layer: 0
  m_Name: Global Light 2D
  m_TagString: Untagged
  m_Icon: {fileID: 0}
  m_NavMeshLayer: 0
  m_StaticEditorFlags: 0
  m_IsActive: 1
--- !u!114 &1652768421
MonoBehaviour:
  m_ObjectHideFlags: 0
  m_CorrespondingSourceObject: {fileID: 0}
  m_PrefabInstance: {fileID: 0}
  m_PrefabAsset: {fileID: 0}
  m_GameObject: {fileID: 1652768420}
  m_Enabled: 1
  m_EditorHideFlags: 0
  m_Script: {fileID: 11500000, guid: 073797afb82c5a1438f328866b10b3f0, type: 3}
  m_Name: 
  m_EditorClassIdentifier: 
  m_LightType: 4
  m_BlendStyleIndex: 0
  m_FalloffIntensity: 0.5
  m_Color: {r: 1, g: 1, b: 1, a: 1}
  m_Intensity: 1
  m_LightVolumeOpacity: 0
  m_ApplyToSortingLayers: 00000000
  m_LightCookieSprite: {fileID: 0}
  m_UseNormalMap: 0
  m_LightOrder: 0
  m_AlphaBlendOnOverlap: 0
  m_ShadowIntensity: 0
  m_ShadowVolumeIntensity: 0
  m_PointLightInnerAngle: 360
  m_PointLightOuterAngle: 360
  m_PointLightInnerRadius: 0
  m_PointLightOuterRadius: 1
  m_PointLightDistance: 3
  m_PointLightQuality: 1
  m_ShapeLightParametricSides: 5
  m_ShapeLightParametricAngleOffset: 0
  m_ShapeLightParametricRadius: 1
  m_ShapeLightFalloffSize: 0.5
  m_ShapeLightFalloffOffset: {x: 0, y: 0}
  m_ShapePath:
  - {x: -0.5, y: -0.5, z: 0}
  - {x: 0.5, y: -0.5, z: 0}
  - {x: 0.5, y: 0.5, z: 0}
  - {x: -0.5, y: 0.5, z: 0}
--- !u!4 &1652768422
Transform:
  m_ObjectHideFlags: 0
  m_CorrespondingSourceObject: {fileID: 0}
  m_PrefabInstance: {fileID: 0}
  m_PrefabAsset: {fileID: 0}
  m_GameObject: {fileID: 1652768420}
  m_LocalRotation: {x: 0, y: 0, z: 0, w: 1}
  m_LocalPosition: {x: 1010.5188, y: 764.74786, z: 0}
  m_LocalScale: {x: 1, y: 1, z: 1}
  m_Children: []
  m_Father: {fileID: 0}
  m_RootOrder: 3
  m_LocalEulerAnglesHint: {x: 0, y: 0, z: 0}
--- !u!1001 &1844143726
PrefabInstance:
  m_ObjectHideFlags: 0
  serializedVersion: 2
  m_Modification:
    m_TransformParent: {fileID: 0}
    m_Modifications:
    - target: {fileID: 779074546, guid: 5c75994640677f74085b274c2805e1c6, type: 3}
      propertyPath: m_IsActive
      value: 0
      objectReference: {fileID: 0}
    - target: {fileID: 1800731678, guid: 5c75994640677f74085b274c2805e1c6, type: 3}
      propertyPath: m_AnchorMax.x
      value: 0
      objectReference: {fileID: 0}
    - target: {fileID: 1800731678, guid: 5c75994640677f74085b274c2805e1c6, type: 3}
      propertyPath: m_AnchorMax.y
      value: 0
      objectReference: {fileID: 0}
    - target: {fileID: 1957587917522598169, guid: 5c75994640677f74085b274c2805e1c6,
        type: 3}
      propertyPath: m_Offset.y
      value: -0.4337815
      objectReference: {fileID: 0}
    - target: {fileID: 1957587917522598169, guid: 5c75994640677f74085b274c2805e1c6,
        type: 3}
      propertyPath: m_Size.y
      value: 2.0067382
      objectReference: {fileID: 0}
    - target: {fileID: 1957587917522598169, guid: 5c75994640677f74085b274c2805e1c6,
        type: 3}
      propertyPath: m_Offset.x
      value: 0.0010699034
      objectReference: {fileID: 0}
    - target: {fileID: 1957587917522598169, guid: 5c75994640677f74085b274c2805e1c6,
        type: 3}
      propertyPath: m_Size.x
      value: 0.9459709
      objectReference: {fileID: 0}
    - target: {fileID: 4110329894439932297, guid: 5c75994640677f74085b274c2805e1c6,
        type: 3}
      propertyPath: m_Name
      value: MainCharacter
      objectReference: {fileID: 0}
    - target: {fileID: 4110329894439932298, guid: 5c75994640677f74085b274c2805e1c6,
        type: 3}
      propertyPath: m_LocalPosition.x
      value: 0
      objectReference: {fileID: 0}
    - target: {fileID: 4110329894439932298, guid: 5c75994640677f74085b274c2805e1c6,
        type: 3}
      propertyPath: m_LocalPosition.y
      value: 0
      objectReference: {fileID: 0}
    - target: {fileID: 4110329894439932298, guid: 5c75994640677f74085b274c2805e1c6,
        type: 3}
      propertyPath: m_LocalPosition.z
      value: 0
      objectReference: {fileID: 0}
    - target: {fileID: 4110329894439932298, guid: 5c75994640677f74085b274c2805e1c6,
        type: 3}
      propertyPath: m_LocalRotation.x
      value: 0
      objectReference: {fileID: 0}
    - target: {fileID: 4110329894439932298, guid: 5c75994640677f74085b274c2805e1c6,
        type: 3}
      propertyPath: m_LocalRotation.y
      value: 0
      objectReference: {fileID: 0}
    - target: {fileID: 4110329894439932298, guid: 5c75994640677f74085b274c2805e1c6,
        type: 3}
      propertyPath: m_LocalRotation.z
      value: 0
      objectReference: {fileID: 0}
    - target: {fileID: 4110329894439932298, guid: 5c75994640677f74085b274c2805e1c6,
        type: 3}
      propertyPath: m_LocalRotation.w
      value: 1
      objectReference: {fileID: 0}
    - target: {fileID: 4110329894439932298, guid: 5c75994640677f74085b274c2805e1c6,
        type: 3}
      propertyPath: m_RootOrder
      value: 2
      objectReference: {fileID: 0}
    - target: {fileID: 4110329894439932298, guid: 5c75994640677f74085b274c2805e1c6,
        type: 3}
      propertyPath: m_LocalEulerAnglesHint.x
      value: 0
      objectReference: {fileID: 0}
    - target: {fileID: 4110329894439932298, guid: 5c75994640677f74085b274c2805e1c6,
        type: 3}
      propertyPath: m_LocalEulerAnglesHint.y
      value: 0
      objectReference: {fileID: 0}
    - target: {fileID: 4110329894439932298, guid: 5c75994640677f74085b274c2805e1c6,
        type: 3}
      propertyPath: m_LocalEulerAnglesHint.z
      value: 0
      objectReference: {fileID: 0}
    m_RemovedComponents: []
  m_SourcePrefab: {fileID: 100100000, guid: 5c75994640677f74085b274c2805e1c6, type: 3}
--- !u!20 &1983480397 stripped
Camera:
  m_CorrespondingSourceObject: {fileID: 275923021, guid: 5c75994640677f74085b274c2805e1c6,
    type: 3}
  m_PrefabInstance: {fileID: 1844143726}
  m_PrefabAsset: {fileID: 0}
