%YAML 1.1
%TAG !u! tag:unity3d.com,2011:
--- !u!1 &1519698044496310488
GameObject:
  m_ObjectHideFlags: 0
  m_CorrespondingSourceObject: {fileID: 0}
  m_PrefabInstance: {fileID: 0}
  m_PrefabAsset: {fileID: 0}
  serializedVersion: 6
  m_Component:
  - component: {fileID: 6021589492016443428}
  m_Layer: 13
  m_Name: WolfWeaponAttachment
  m_TagString: Untagged
  m_Icon: {fileID: 0}
  m_NavMeshLayer: 0
  m_StaticEditorFlags: 0
  m_IsActive: 1
--- !u!4 &6021589492016443428
Transform:
  m_ObjectHideFlags: 0
  m_CorrespondingSourceObject: {fileID: 0}
  m_PrefabInstance: {fileID: 0}
  m_PrefabAsset: {fileID: 0}
  m_GameObject: {fileID: 1519698044496310488}
  m_LocalRotation: {x: 0, y: 0, z: 0, w: 1}
  m_LocalPosition: {x: 0.804, y: -0.052, z: 0}
  m_LocalScale: {x: 1, y: 1, z: 1}
  m_Children: []
  m_Father: {fileID: 4875069872056280492}
  m_RootOrder: 1
  m_LocalEulerAnglesHint: {x: 0, y: 0, z: 0}
--- !u!1 &7792345600126590998
GameObject:
  m_ObjectHideFlags: 0
  m_CorrespondingSourceObject: {fileID: 0}
  m_PrefabInstance: {fileID: 0}
  m_PrefabAsset: {fileID: 0}
  serializedVersion: 6
  m_Component:
  - component: {fileID: 4875069872056280492}
  - component: {fileID: 5325671933424497435}
  - component: {fileID: 3425091111360467526}
  - component: {fileID: 768883015611458914}
  - component: {fileID: 490557761722946066}
  - component: {fileID: 4560857363346630693}
  - component: {fileID: 8485692700929093157}
  - component: {fileID: 897138874222282662}
  - component: {fileID: 2143215735265658109}
  - component: {fileID: 3086368278052211505}
  - component: {fileID: 6331669526364377993}
  - component: {fileID: 1065207560860932165}
  - component: {fileID: -3463175422334183525}
  - component: {fileID: 505932568541337527}
  - component: {fileID: -5330305857629470546}
  - component: {fileID: 5344774361661932310}
  - component: {fileID: 6223577896805924166}
  - component: {fileID: 8675889756986444735}
  - component: {fileID: 8983929232155704207}
  - component: {fileID: 6795443006263768455}
  - component: {fileID: 4742272248591225153}
  - component: {fileID: 9052551542169904693}
  m_Layer: 13
  m_Name: Wolf
  m_TagString: Untagged
  m_Icon: {fileID: 0}
  m_NavMeshLayer: 0
  m_StaticEditorFlags: 0
  m_IsActive: 1
--- !u!4 &4875069872056280492
Transform:
  m_ObjectHideFlags: 0
  m_CorrespondingSourceObject: {fileID: 0}
  m_PrefabInstance: {fileID: 0}
  m_PrefabAsset: {fileID: 0}
  m_GameObject: {fileID: 7792345600126590998}
  m_LocalRotation: {x: 0, y: 0, z: 0, w: 1}
  m_LocalPosition: {x: -0.15, y: 0, z: 0}
  m_LocalScale: {x: 1, y: 1, z: 1}
  m_Children:
  - {fileID: 5214604254048209199}
  - {fileID: 6021589492016443428}
  m_Father: {fileID: 0}
  m_RootOrder: 0
  m_LocalEulerAnglesHint: {x: 0, y: 0, z: 0}
--- !u!114 &5325671933424497435
MonoBehaviour:
  m_ObjectHideFlags: 0
  m_CorrespondingSourceObject: {fileID: 0}
  m_PrefabInstance: {fileID: 0}
  m_PrefabAsset: {fileID: 0}
  m_GameObject: {fileID: 7792345600126590998}
  m_Enabled: 1
  m_EditorHideFlags: 0
  m_Script: {fileID: 11500000, guid: 5fe81ad80cb743b408fa90b048ad597f, type: 3}
  m_Name: 
  m_EditorClassIdentifier: 
  CharacterDimension: 0
  CharacterType: 1
  PlayerID: 
  DirectionOnSpawn: 0
  CharacterAnimator: {fileID: 5940990729590364398}
  UseDefaultMecanim: 1
  CharacterModel: {fileID: 8106430404377978983}
  SendStateChangeEvents: 1
  SendStateUpdateEvents: 1
  OptimizeForMobile: 1
--- !u!50 &3425091111360467526
Rigidbody2D:
  serializedVersion: 4
  m_ObjectHideFlags: 0
  m_CorrespondingSourceObject: {fileID: 0}
  m_PrefabInstance: {fileID: 0}
  m_PrefabAsset: {fileID: 0}
  m_GameObject: {fileID: 7792345600126590998}
  m_BodyType: 0
  m_Simulated: 1
  m_UseFullKinematicContacts: 0
  m_UseAutoMass: 0
  m_Mass: 1
  m_LinearDrag: 1
  m_AngularDrag: 0.05
  m_GravityScale: 0
  m_Material: {fileID: 0}
  m_Interpolate: 1
  m_SleepingMode: 1
  m_CollisionDetection: 1
  m_Constraints: 4
--- !u!210 &768883015611458914
SortingGroup:
  m_ObjectHideFlags: 0
  m_CorrespondingSourceObject: {fileID: 0}
  m_PrefabInstance: {fileID: 0}
  m_PrefabAsset: {fileID: 0}
  m_GameObject: {fileID: 7792345600126590998}
  m_Enabled: 1
  m_SortingLayerID: -1998343457
  m_SortingLayer: 2
  m_SortingOrder: 6
--- !u!61 &490557761722946066
BoxCollider2D:
  m_ObjectHideFlags: 0
  m_CorrespondingSourceObject: {fileID: 0}
  m_PrefabInstance: {fileID: 0}
  m_PrefabAsset: {fileID: 0}
  m_GameObject: {fileID: 7792345600126590998}
  m_Enabled: 1
  m_Density: 1
  m_Material: {fileID: 0}
  m_IsTrigger: 0
  m_UsedByEffector: 0
  m_UsedByComposite: 0
  m_Offset: {x: 0.2789886, y: -1.440496}
  m_SpriteTilingProperty:
    border: {x: 0, y: 0, z: 0, w: 0}
    pivot: {x: 0, y: 0}
    oldSize: {x: 0, y: 0}
    newSize: {x: 0, y: 0}
    adaptiveTilingThreshold: 0
    drawMode: 0
    adaptiveTiling: 0
  m_AutoTiling: 0
  serializedVersion: 2
  m_Size: {x: 5.125069, y: 0.5947256}
  m_EdgeRadius: 0
--- !u!114 &4560857363346630693
MonoBehaviour:
  m_ObjectHideFlags: 0
  m_CorrespondingSourceObject: {fileID: 0}
  m_PrefabInstance: {fileID: 0}
  m_PrefabAsset: {fileID: 0}
  m_GameObject: {fileID: 7792345600126590998}
  m_Enabled: 1
  m_EditorHideFlags: 0
  m_Script: {fileID: 11500000, guid: 89ee7fe4b0037274d8dba40f605ae049, type: 3}
  m_Name: 
  m_EditorClassIdentifier: 
  Gravity: -30
  GravityActive: 1
  CrouchedRaycastLengthMultiplier: 1
  Speed: {x: 0, y: 0, z: 0}
  Velocity: {x: 0, y: 0, z: 0}
  VelocityLastFrame: {x: 0, y: 0, z: 0}
  Acceleration: {x: 0, y: 0, z: 0}
  Grounded: 1
  JustGotGrounded: 0
  CurrentMovement: {x: 0, y: 0, z: 0}
  CurrentDirection: {x: 0, y: 0, z: 0}
  Friction: 0
  AddedForce: {x: 0, y: 0, z: 0}
  FreeMovement: 1
  OverHole: 0
  GroundLayerMask:
    serializedVersion: 2
    m_Bits: 512
  HoleLayerMask:
    serializedVersion: 2
    m_Bits: 65536
  ObstaclesLayerMask:
    serializedVersion: 2
    m_Bits: 256
--- !u!114 &8485692700929093157
MonoBehaviour:
  m_ObjectHideFlags: 0
  m_CorrespondingSourceObject: {fileID: 0}
  m_PrefabInstance: {fileID: 0}
  m_PrefabAsset: {fileID: 0}
  m_GameObject: {fileID: 7792345600126590998}
  m_Enabled: 1
  m_EditorHideFlags: 0
  m_Script: {fileID: 11500000, guid: af3b7ab2b51f5c2419cc72bff008ff0f, type: 3}
  m_Name: 
  m_EditorClassIdentifier: 
  AbilityStartSfx: {fileID: 0}
  AbilityInProgressSfx: {fileID: 0}
  AbilityStopSfx: {fileID: 0}
  AbilityStartFeedbacks: {fileID: 0}
  AbilityStopFeedbacks: {fileID: 0}
  AbilityPermitted: 1
  FacingMode: 1
  ModelShouldFlip: 0
  ModelFlipValueLeft: {x: -1, y: 1, z: 1}
  ModelFlipValueRight: {x: 1, y: 1, z: 1}
  ModelShouldRotate: 0
  ModelRotationValueLeft: {x: 0, y: 180, z: 0}
  ModelRotationValueRight: {x: 0, y: 0, z: 0}
  ModelRotationSpeed: 0
  InitialFacingDirection: 1
  AbsoluteThresholdMovement: 0.1
  AbsoluteThresholdWeapon: 0.5
  CurrentFacingDirection: 1
  IsFacingRight: 1
--- !u!114 &897138874222282662
MonoBehaviour:
  m_ObjectHideFlags: 0
  m_CorrespondingSourceObject: {fileID: 0}
  m_PrefabInstance: {fileID: 0}
  m_PrefabAsset: {fileID: 0}
  m_GameObject: {fileID: 7792345600126590998}
  m_Enabled: 1
  m_EditorHideFlags: 0
  m_Script: {fileID: 11500000, guid: cde870ae7090b974bb115e88bfbf8320, type: 3}
  m_Name: 
  m_EditorClassIdentifier: 
  AbilityStartSfx: {fileID: 0}
  AbilityInProgressSfx: {fileID: 0}
  AbilityStopSfx: {fileID: 0}
  AbilityStartFeedbacks: {fileID: 0}
  AbilityStopFeedbacks: {fileID: 0}
  AbilityPermitted: 1
  DashMode: 1
  DashDirection: {x: 0, y: 0, z: 1}
  DashDistance: 6
  DashDuration: 0.2
  DashCurve:
    serializedVersion: 2
    m_Curve:
    - serializedVersion: 3
      time: 0
      value: 0
      inSlope: 0
      outSlope: 0
      tangentMode: 0
      weightedMode: 0
      inWeight: 0
      outWeight: 0
    - serializedVersion: 3
      time: 1
      value: 1
      inSlope: 0
      outSlope: 0
      tangentMode: 0
      weightedMode: 0
      inWeight: 0
      outWeight: 0
    m_PreInfinity: 2
    m_PostInfinity: 2
    m_RotationOrder: 4
  Cooldown:
    Unlimited: 0
    ConsumptionDuration: 2
    PauseOnEmptyDuration: 1
    RefillDuration: 1
    CanInterruptRefill: 1
    CooldownState: 0
    CurrentDurationLeft: 0
  DashFeedback: {fileID: 0}
--- !u!114 &2143215735265658109
MonoBehaviour:
  m_ObjectHideFlags: 0
  m_CorrespondingSourceObject: {fileID: 0}
  m_PrefabInstance: {fileID: 0}
  m_PrefabAsset: {fileID: 0}
  m_GameObject: {fileID: 7792345600126590998}
  m_Enabled: 1
  m_EditorHideFlags: 0
  m_Script: {fileID: 11500000, guid: 69614a4a3cfd06d4e8388acafdb774bd, type: 3}
  m_Name: 
  m_EditorClassIdentifier: 
  AbilityStartSfx: {fileID: 0}
  AbilityInProgressSfx: {fileID: 0}
  AbilityStopSfx: {fileID: 0}
  AbilityStartFeedbacks: {fileID: 0}
  AbilityStopFeedbacks: {fileID: 0}
  AbilityPermitted: 1
  Movement: 0
  InputAuthorized: 1
  AnalogInput: 0
  WalkSpeed: 6
  ShouldSetMovement: 1
  IdleThreshold: 0.05
  Acceleration: 10
  Deceleration: 10
  InterpolateMovementSpeed: 0
  WalkParticles: []
  TouchTheGroundParticles: []
  TouchTheGroundSfx: []
--- !u!114 &3086368278052211505
MonoBehaviour:
  m_ObjectHideFlags: 0
  m_CorrespondingSourceObject: {fileID: 0}
  m_PrefabInstance: {fileID: 0}
  m_PrefabAsset: {fileID: 0}
  m_GameObject: {fileID: 7792345600126590998}
  m_Enabled: 1
  m_EditorHideFlags: 0
  m_Script: {fileID: 11500000, guid: d103439fc2940e347937487a70ea01e3, type: 3}
  m_Name: 
  m_EditorClassIdentifier: 
  AbilityStartSfx: {fileID: 0}
  AbilityInProgressSfx: {fileID: 0}
  AbilityStopSfx: {fileID: 0}
  AbilityStartFeedbacks: {fileID: 0}
  AbilityStopFeedbacks: {fileID: 0}
  AbilityPermitted: 1
  RunSpeed: 16
  AutoRun: 0
  AutoRunThreshold: 0.6
--- !u!114 &6331669526364377993
MonoBehaviour:
  m_ObjectHideFlags: 0
  m_CorrespondingSourceObject: {fileID: 0}
  m_PrefabInstance: {fileID: 0}
  m_PrefabAsset: {fileID: 0}
  m_GameObject: {fileID: 7792345600126590998}
  m_Enabled: 1
  m_EditorHideFlags: 0
  m_Script: {fileID: 11500000, guid: 01754710d9f92ec4d9a21b81f5682667, type: 3}
  m_Name: 
  m_EditorClassIdentifier: 
  Model: {fileID: 0}
  CurrentHealth: 100
  Invulnerable: 0
  InitialHealth: 10
  MaximumHealth: 10
  ImmuneToKnockback: 0
  DamageMMFeedbacks: {fileID: 0}
  DestroyOnDeath: 1
  DelayBeforeDestruction: 0
  PointsWhenDestroyed: 0
  RespawnAtInitialLocation: 0
  DisableControllerOnDeath: 1
  DisableModelOnDeath: 1
  DisableCollisionsOnDeath: 1
  DisableChildCollisionsOnDeath: 0
  ChangeLayerOnDeath: 0
  ChangeLayersRecursivelyOnDeath: 0
  LayerOnDeath:
    _layerIndex: 0
  DeathMMFeedbacks: {fileID: 0}
--- !u!114 &1065207560860932165
MonoBehaviour:
  m_ObjectHideFlags: 0
  m_CorrespondingSourceObject: {fileID: 0}
  m_PrefabInstance: {fileID: 0}
  m_PrefabAsset: {fileID: 0}
  m_GameObject: {fileID: 7792345600126590998}
  m_Enabled: 1
  m_EditorHideFlags: 0
  m_Script: {fileID: 11500000, guid: 6a07c6668aa55403790d27b575279549, type: 3}
  m_Name: 
  m_EditorClassIdentifier: 
  AbilityStartSfx: {fileID: 0}
  AbilityInProgressSfx: {fileID: 0}
  AbilityStopSfx: {fileID: 0}
  AbilityStartFeedbacks: {fileID: 0}
  AbilityStopFeedbacks: {fileID: 0}
  AbilityPermitted: 1
  InitialWeapon: {fileID: -4108663793841051227, guid: 5519a86077f8203458102d6ede751e0c,
    type: 3}
  CanPickupWeapons: 0
  WeaponUseFeedback: {fileID: 0}
  WeaponAttachment: {fileID: 6021589492016443428}
  ProjectileSpawn: {fileID: 0}
  AutomaticallyBindAnimator: 1
  AmmoDisplayID: 0
  AutoIK: 1
  ContinuousPress: 0
  GettingHitInterruptsAttack: 1
  BufferInput: 0
  NewInputExtendsBuffer: 0
  MaximumBufferDuration: 0.25
  RequiresPerfectTile: 0
  CurrentWeapon: {fileID: 0}
--- !u!114 &-3463175422334183525
MonoBehaviour:
  m_ObjectHideFlags: 0
  m_CorrespondingSourceObject: {fileID: 0}
  m_PrefabInstance: {fileID: 0}
  m_PrefabAsset: {fileID: 0}
  m_GameObject: {fileID: 7792345600126590998}
  m_Enabled: 1
  m_EditorHideFlags: 0
  m_Script: {fileID: 11500000, guid: eec89e4158bf96841b9bc830fc5385ca, type: 3}
  m_Name: 
  m_EditorClassIdentifier: 
  States:
  - StateName: Detecting
    Actions:
      array:
      - {fileID: 4742272248591225153}
    Transitions:
      array:
      - Decision: {fileID: 6223577896805924166}
        TrueState: Moving
        FalseState: 
  - StateName: Moving
    Actions:
      array:
      - {fileID: 505932568541337527}
    Transitions:
      array:
      - Decision: {fileID: 6223577896805924166}
        TrueState: 
        FalseState: Detecting
      - Decision: {fileID: 5344774361661932310}
        TrueState: 
        FalseState: Detecting
      - Decision: {fileID: 8675889756986444735}
        TrueState: Attacking
        FalseState: 
  - StateName: Attacking
    Actions:
      array:
      - {fileID: 8983929232155704207}
    Transitions:
      array:
      - Decision: {fileID: 8675889756986444735}
        TrueState: Attacking
        FalseState: Detecting
  BrainActive: 1
  TimeInThisState: 0
  Target: {fileID: 0}
  _lastKnownTargetPosition: {x: 0, y: 0, z: 0}
  ActionsFrequency: 0
  DecisionFrequency: 0
--- !u!114 &505932568541337527
MonoBehaviour:
  m_ObjectHideFlags: 0
  m_CorrespondingSourceObject: {fileID: 0}
  m_PrefabInstance: {fileID: 0}
  m_PrefabAsset: {fileID: 0}
  m_GameObject: {fileID: 7792345600126590998}
  m_Enabled: 1
  m_EditorHideFlags: 0
  m_Script: {fileID: 11500000, guid: 47557c9dd44293a41bc6710b083332de, type: 3}
  m_Name: 
  m_EditorClassIdentifier: 
  Label: 
  MinimumDistance: 0.1
--- !u!114 &-5330305857629470546
MonoBehaviour:
  m_ObjectHideFlags: 0
  m_CorrespondingSourceObject: {fileID: 0}
  m_PrefabInstance: {fileID: 0}
  m_PrefabAsset: {fileID: 0}
  m_GameObject: {fileID: 7792345600126590998}
  m_Enabled: 1
  m_EditorHideFlags: 0
  m_Script: {fileID: 11500000, guid: b5a01f7a39a54b94881d5543847cf71c, type: 3}
  m_Name: 
  m_EditorClassIdentifier: 
  Label: 
  TrueIfHealthIs: 1
  HealthValue: 3
  OnlyOnce: 1
--- !u!114 &5344774361661932310
MonoBehaviour:
  m_ObjectHideFlags: 0
  m_CorrespondingSourceObject: {fileID: 0}
  m_PrefabInstance: {fileID: 0}
  m_PrefabAsset: {fileID: 0}
  m_GameObject: {fileID: 7792345600126590998}
  m_Enabled: 1
  m_EditorHideFlags: 0
  m_Script: {fileID: 11500000, guid: 05f21b170839d044b8b9bf160d1be05b, type: 3}
  m_Name: 
  m_EditorClassIdentifier: 
  Label: 
--- !u!114 &6223577896805924166
MonoBehaviour:
  m_ObjectHideFlags: 0
  m_CorrespondingSourceObject: {fileID: 0}
  m_PrefabInstance: {fileID: 0}
  m_PrefabAsset: {fileID: 0}
  m_GameObject: {fileID: 7792345600126590998}
  m_Enabled: 1
  m_EditorHideFlags: 0
  m_Script: {fileID: 11500000, guid: 2a946a428cb16e1409d657b9041c69be, type: 3}
  m_Name: 
  m_EditorClassIdentifier: 
  Label: 
  Radius: 5
  DetectionOriginOffset: {x: 0, y: 0, z: 0}
  TargetLayer:
    serializedVersion: 2
    m_Bits: 1024
  ObstacleDetection: 1
  ObstacleMask:
    serializedVersion: 2
    m_Bits: 16777472
--- !u!114 &8675889756986444735
MonoBehaviour:
  m_ObjectHideFlags: 0
  m_CorrespondingSourceObject: {fileID: 0}
  m_PrefabInstance: {fileID: 0}
  m_PrefabAsset: {fileID: 0}
  m_GameObject: {fileID: 7792345600126590998}
  m_Enabled: 1
  m_EditorHideFlags: 0
  m_Script: {fileID: 11500000, guid: 206825d6db9c84741810b9da915cfb9c, type: 3}
  m_Name: 
  m_EditorClassIdentifier: 
  Label: 
  ComparisonMode: 1
  Distance: 2
--- !u!114 &8983929232155704207
MonoBehaviour:
  m_ObjectHideFlags: 0
  m_CorrespondingSourceObject: {fileID: 0}
  m_PrefabInstance: {fileID: 0}
  m_PrefabAsset: {fileID: 0}
  m_GameObject: {fileID: 7792345600126590998}
  m_Enabled: 1
  m_EditorHideFlags: 0
  m_Script: {fileID: 11500000, guid: 4b1affdc8ddb97d40b6a8b805c494909, type: 3}
  m_Name: 
  m_EditorClassIdentifier: 
  Label: 
  FaceTarget: 0
  AimAtTarget: 0
--- !u!114 &6795443006263768455
MonoBehaviour:
  m_ObjectHideFlags: 0
  m_CorrespondingSourceObject: {fileID: 0}
  m_PrefabInstance: {fileID: 0}
  m_PrefabAsset: {fileID: 0}
  m_GameObject: {fileID: 7792345600126590998}
  m_Enabled: 1
  m_EditorHideFlags: 0
  m_Script: {fileID: 11500000, guid: 72de0b0360096ea41a18d17864ecb963, type: 3}
  m_Name: 
  m_EditorClassIdentifier: 
  BoundsBasedOn: 1
  LifeTime: 0
--- !u!114 &4742272248591225153
MonoBehaviour:
  m_ObjectHideFlags: 0
  m_CorrespondingSourceObject: {fileID: 0}
  m_PrefabInstance: {fileID: 0}
  m_PrefabAsset: {fileID: 0}
  m_GameObject: {fileID: 7792345600126590998}
  m_Enabled: 1
  m_EditorHideFlags: 0
  m_Script: {fileID: 11500000, guid: 8135bf55f3495254099bc5daee8423d0, type: 3}
  m_Name: 
  m_EditorClassIdentifier: 
  Label: 
  MaximumDurationInADirection: 2
  ObstacleLayerMask:
    serializedVersion: 2
    m_Bits: 0
  ObstaclesDetectionDistance: 1
  ObstaclesCheckFrequency: 1
  MinimumRandomDirection: {x: -1, y: -1}
  MaximumRandomDirection: {x: 1, y: 1}
--- !u!61 &9052551542169904693
BoxCollider2D:
  m_ObjectHideFlags: 0
  m_CorrespondingSourceObject: {fileID: 0}
  m_PrefabInstance: {fileID: 0}
  m_PrefabAsset: {fileID: 0}
  m_GameObject: {fileID: 7792345600126590998}
  m_Enabled: 1
  m_Density: 1
  m_Material: {fileID: 0}
  m_IsTrigger: 1
  m_UsedByEffector: 0
  m_UsedByComposite: 0
  m_Offset: {x: 0.011386633, y: 0.37578106}
  m_SpriteTilingProperty:
    border: {x: 0, y: 0, z: 0, w: 0}
    pivot: {x: 0, y: 0}
    oldSize: {x: 0, y: 0}
    newSize: {x: 0, y: 0}
    adaptiveTilingThreshold: 0
    drawMode: 0
    adaptiveTiling: 0
  m_AutoTiling: 0
  serializedVersion: 2
  m_Size: {x: 6.420359, y: 3.0269432}
  m_EdgeRadius: 0
--- !u!1 &8106430404377978983
GameObject:
  m_ObjectHideFlags: 0
  m_CorrespondingSourceObject: {fileID: 0}
  m_PrefabInstance: {fileID: 0}
  m_PrefabAsset: {fileID: 0}
  serializedVersion: 6
  m_Component:
  - component: {fileID: 5214604254048209199}
  - component: {fileID: 4076386575214881293}
  - component: {fileID: 5940990729590364398}
  m_Layer: 13
  m_Name: WolfVisuals
  m_TagString: Untagged
  m_Icon: {fileID: 0}
  m_NavMeshLayer: 0
  m_StaticEditorFlags: 0
  m_IsActive: 1
--- !u!4 &5214604254048209199
Transform:
  m_ObjectHideFlags: 0
  m_CorrespondingSourceObject: {fileID: 0}
  m_PrefabInstance: {fileID: 0}
  m_PrefabAsset: {fileID: 0}
  m_GameObject: {fileID: 8106430404377978983}
  m_LocalRotation: {x: 0, y: 0, z: 0, w: 1}
  m_LocalPosition: {x: 0, y: 0, z: 0}
  m_LocalScale: {x: 1, y: 1, z: 1}
  m_Children: []
  m_Father: {fileID: 4875069872056280492}
  m_RootOrder: 0
  m_LocalEulerAnglesHint: {x: 0, y: 0, z: 0}
--- !u!212 &4076386575214881293
SpriteRenderer:
  m_ObjectHideFlags: 0
  m_CorrespondingSourceObject: {fileID: 0}
  m_PrefabInstance: {fileID: 0}
  m_PrefabAsset: {fileID: 0}
  m_GameObject: {fileID: 8106430404377978983}
  m_Enabled: 1
  m_CastShadows: 0
  m_ReceiveShadows: 0
  m_DynamicOccludee: 1
  m_MotionVectors: 1
  m_LightProbeUsage: 1
  m_ReflectionProbeUsage: 1
  m_RayTracingMode: 0
  m_RenderingLayerMask: 1
  m_RendererPriority: 0
  m_Materials:
  - {fileID: 10754, guid: 0000000000000000f000000000000000, type: 0}
  m_StaticBatchInfo:
    firstSubMesh: 0
    subMeshCount: 0
  m_StaticBatchRoot: {fileID: 0}
  m_ProbeAnchor: {fileID: 0}
  m_LightProbeVolumeOverride: {fileID: 0}
  m_ScaleInLightmap: 1
  m_ReceiveGI: 1
  m_PreserveUVs: 0
  m_IgnoreNormalsForChartDetection: 0
  m_ImportantGI: 0
  m_StitchLightmapSeams: 1
  m_SelectedEditorRenderState: 0
  m_MinimumChartSize: 4
  m_AutoUVMaxDistance: 0.5
  m_AutoUVMaxAngle: 89
  m_LightmapParameters: {fileID: 0}
  m_SortingLayerID: 47421343
  m_SortingLayer: 4
  m_SortingOrder: 2
  m_Sprite: {fileID: 6556198865591958848, guid: 4f0d51421c4b85244af60872129c7b7d,
    type: 3}
  m_Color: {r: 1, g: 1, b: 1, a: 1}
  m_FlipX: 0
  m_FlipY: 0
  m_DrawMode: 0
  m_Size: {x: 3.1875, y: 1.875}
  m_AdaptiveModeThreshold: 0.5
  m_SpriteTileMode: 0
  m_WasSpriteAssigned: 1
  m_MaskInteraction: 0
  m_SpriteSortPoint: 0
--- !u!95 &5940990729590364398
Animator:
  serializedVersion: 3
  m_ObjectHideFlags: 0
  m_CorrespondingSourceObject: {fileID: 0}
  m_PrefabInstance: {fileID: 0}
  m_PrefabAsset: {fileID: 0}
  m_GameObject: {fileID: 8106430404377978983}
  m_Enabled: 1
  m_Avatar: {fileID: 0}
  m_Controller: {fileID: 9100000, guid: 1c3ffc832a8627e4cbaa932bbc311b55, type: 2}
  m_CullingMode: 0
  m_UpdateMode: 0
  m_ApplyRootMotion: 0
  m_LinearVelocityBlending: 0
  m_WarningMessage: 
  m_HasTransformHierarchy: 1
  m_AllowConstantClipSamplingOptimization: 1
  m_KeepAnimatorControllerStateOnDisable: 0
